
   <marc:record>
      <marc:leader>     ccm a22        4500</marc:leader>
      <marc:controlfield tag="001">095714588</marc:controlfield>
      <marc:controlfield tag="003">DE-576</marc:controlfield>
      <marc:controlfield tag="005">20171214073828.0</marc:controlfield>
      <marc:controlfield tag="007">qu</marc:controlfield>
      <marc:controlfield tag="008">011128s1942    xx ||||| |||| ||| | ger c</marc:controlfield>
      <marc:datafield tag="028" ind1="5" ind2="2">
         <marc:subfield code="a">B.S.S.36853</marc:subfield>
      </marc:datafield>
      <marc:datafield tag="035" ind1=" " ind2=" ">
         <marc:subfield code="a">(DE-627)1165714582</marc:subfield>
      </marc:datafield>
      <marc:datafield tag="035" ind1=" " ind2=" ">
         <marc:subfield code="a">(DE-576)095714588</marc:subfield>
      </marc:datafield>
      <marc:datafield tag="035" ind1=" " ind2=" ">
         <marc:subfield code="a">(DE-599)BSZ095714588</marc:subfield>
      </marc:datafield>
      <marc:datafield tag="035" ind1=" " ind2=" ">
         <marc:subfield code="a">(OCoLC)314105874</marc:subfield>
      </marc:datafield>
      <marc:datafield tag="040" ind1=" " ind2=" ">
         <marc:subfield code="a">DE-576</marc:subfield>
         <marc:subfield code="b">ger</marc:subfield>
         <marc:subfield code="c">DE-576</marc:subfield>
         <marc:subfield code="e">rakwb</marc:subfield>
      </marc:datafield>
      <marc:datafield tag="041" ind1=" " ind2=" ">
         <marc:subfield code="a">ger</marc:subfield>
      </marc:datafield>
      <marc:datafield tag="245" ind1="1" ind2="0">
         <marc:subfield code="a">Ich hab' Dich, und Du hast mich</marc:subfield>
         <marc:subfield code="b">Lied und Foxtrot aus dem Tonfilm "Wir machen Musik"</marc:subfield>
         <marc:subfield code="c">Musik: P. Igelhoff u. A. Steimel. Text: H. Käutner u. A. von Pinelli. Für chromatisches Akkordeon bearb. von Ludwig Kletsch</marc:subfield>
      </marc:datafield>
      <marc:datafield tag="246" ind1="3" ind2="3">
         <marc:subfield code="a">Wir machen Musik</marc:subfield>
      </marc:datafield>
      <marc:datafield tag="264" ind1=" " ind2="1">
         <marc:subfield code="a">Mainz</marc:subfield>
         <marc:subfield code="b">Schott</marc:subfield>
         <marc:subfield code="c">c 1942</marc:subfield>
      </marc:datafield>
      <marc:datafield tag="300" ind1=" " ind2=" ">
         <marc:subfield code="a">3 S.</marc:subfield>
      </marc:datafield>
      <marc:datafield tag="336" ind1=" " ind2=" ">
         <marc:subfield code="a">Noten</marc:subfield>
         <marc:subfield code="b">ntm</marc:subfield>
         <marc:subfield code="2">rdacontent</marc:subfield>
      </marc:datafield>
      <marc:datafield tag="337" ind1=" " ind2=" ">
         <marc:subfield code="a">ohne Hilfsmittel zu benutzen</marc:subfield>
         <marc:subfield code="b">n</marc:subfield>
         <marc:subfield code="2">rdamedia</marc:subfield>
      </marc:datafield>
      <marc:datafield tag="338" ind1=" " ind2=" ">
         <marc:subfield code="a">Band</marc:subfield>
         <marc:subfield code="b">nc</marc:subfield>
         <marc:subfield code="2">rdacarrier</marc:subfield>
      </marc:datafield>
      <marc:datafield tag="490" ind1="1" ind2=" ">
         <marc:subfield code="a">Tanz- und Tonfilm-Erfolge</marc:subfield>
         <marc:subfield code="v">64</marc:subfield>
      </marc:datafield>
      <marc:datafield tag="500" ind1=" " ind2=" ">
         <marc:subfield code="a">Mit unterlegtem Text u. Akkordbezifferung</marc:subfield>
      </marc:datafield>
      <marc:datafield tag="591" ind1=" " ind2=" ">
         <marc:subfield code="a">bes: ddsu/sred ; IMD-Felder und 1131 maschinell ergänzt (SWB)</marc:subfield>
      </marc:datafield>
      <marc:datafield tag="700" ind1="1" ind2=" ">
         <marc:subfield code="a">Igelhoff, Peter</marc:subfield>
         <marc:subfield code="d">1904-1978</marc:subfield>
         <marc:subfield code="0">(DE-588)117124788</marc:subfield>
         <marc:subfield code="0">(DE-627)078575621</marc:subfield>
         <marc:subfield code="0">(DE-576)291134130</marc:subfield>
         <marc:subfield code="4">oth</marc:subfield>
      </marc:datafield>
      <marc:datafield tag="700" ind1="1" ind2=" ">
         <marc:subfield code="a">Steimel, Adolf</marc:subfield>
         <marc:subfield code="d">1907-1962</marc:subfield>
         <marc:subfield code="0">(DE-588)124411614</marc:subfield>
         <marc:subfield code="0">(DE-627)363328726</marc:subfield>
         <marc:subfield code="0">(DE-576)173526233</marc:subfield>
         <marc:subfield code="4">oth</marc:subfield>
      </marc:datafield>
      <marc:datafield tag="700" ind1="1" ind2=" ">
         <marc:subfield code="a">Käutner, Helmut</marc:subfield>
         <marc:subfield code="d">1908-1980</marc:subfield>
         <marc:subfield code="0">(DE-588)118559222</marc:subfield>
         <marc:subfield code="0">(DE-627)079356281</marc:subfield>
         <marc:subfield code="0">(DE-576)161631371</marc:subfield>
         <marc:subfield code="4">oth</marc:subfield>
      </marc:datafield>
      <marc:datafield tag="700" ind1="1" ind2=" ">
         <marc:subfield code="a">Pinelli, Aldo von</marc:subfield>
         <marc:subfield code="d">1912-1967</marc:subfield>
         <marc:subfield code="0">(DE-588)138461538</marc:subfield>
         <marc:subfield code="0">(DE-627)602597544</marc:subfield>
         <marc:subfield code="0">(DE-576)174199945</marc:subfield>
         <marc:subfield code="4">oth</marc:subfield>
      </marc:datafield>
      <marc:datafield tag="700" ind1="1" ind2=" ">
         <marc:subfield code="a">Kletsch, Ludwig</marc:subfield>
         <marc:subfield code="d">1908-1961</marc:subfield>
         <marc:subfield code="0">(DE-588)134578228</marc:subfield>
         <marc:subfield code="0">(DE-627)575866144</marc:subfield>
         <marc:subfield code="0">(DE-576)168551586</marc:subfield>
         <marc:subfield code="4">oth</marc:subfield>
      </marc:datafield>
      <marc:datafield tag="830" ind1=" " ind2="0">
         <marc:subfield code="a">Tanz- und Tonfilm-Erfolge</marc:subfield>
         <marc:subfield code="v">64</marc:subfield>
         <marc:subfield code="9">64</marc:subfield>
         <marc:subfield code="w">(DE-627)792641191</marc:subfield>
         <marc:subfield code="w">(DE-576)049653431</marc:subfield>
         <marc:subfield code="w">(DE-600)2781026-4</marc:subfield>
      </marc:datafield>
      <marc:datafield tag="935" ind1=" " ind2=" ">
         <marc:subfield code="c">muno</marc:subfield>
      </marc:datafield>
      <marc:datafield tag="937" ind1=" " ind2=" ">
         <marc:subfield code="d">Eins</marc:subfield>
         <marc:subfield code="e">Akkordeon</marc:subfield>
         <marc:subfield code="f">Solo, Lied</marc:subfield>
      </marc:datafield>
      <marc:datafield tag="937" ind1=" " ind2=" ">
         <marc:subfield code="d">Eins</marc:subfield>
         <marc:subfield code="e">Akkordeon</marc:subfield>
         <marc:subfield code="f">Solo, Tanz, Foxtrott</marc:subfield>
      </marc:datafield>
      <marc:datafield tag="937" ind1=" " ind2=" ">
         <marc:subfield code="d">Zwei</marc:subfield>
         <marc:subfield code="e">Singstimme, Akkordeon</marc:subfield>
         <marc:subfield code="f">Solo, Lied</marc:subfield>
      </marc:datafield>
      <marc:datafield tag="937" ind1=" " ind2=" ">
         <marc:subfield code="d">Zwei</marc:subfield>
         <marc:subfield code="e">Singstimme, Akkordeon</marc:subfield>
         <marc:subfield code="f">Solo, Tanz, Foxtrott</marc:subfield>
      </marc:datafield>
      <marc:datafield tag="951" ind1=" " ind2=" ">
         <marc:subfield code="a">BO</marc:subfield>
      </marc:datafield>
   </marc:record>