
   <marc:record>
      <marc:leader>     cam a22       c4500</marc:leader>
      <marc:controlfield tag="001">094928541</marc:controlfield>
      <marc:controlfield tag="003">DE-576</marc:controlfield>
      <marc:controlfield tag="005">20180102141330.0</marc:controlfield>
      <marc:controlfield tag="007">tu</marc:controlfield>
      <marc:controlfield tag="008">011011s2001    xx |||||      10| ||ger c</marc:controlfield>
      <marc:datafield tag="035" ind1=" " ind2=" ">
         <marc:subfield code="a">(DE-627)1164928546</marc:subfield>
      </marc:datafield>
      <marc:datafield tag="035" ind1=" " ind2=" ">
         <marc:subfield code="a">(DE-576)094928541</marc:subfield>
      </marc:datafield>
      <marc:datafield tag="035" ind1=" " ind2=" ">
         <marc:subfield code="a">(DE-599)BSZ094928541</marc:subfield>
      </marc:datafield>
      <marc:datafield tag="035" ind1=" " ind2=" ">
         <marc:subfield code="a">(OCoLC)313826983</marc:subfield>
      </marc:datafield>
      <marc:datafield tag="040" ind1=" " ind2=" ">
         <marc:subfield code="a">DE-576</marc:subfield>
         <marc:subfield code="b">ger</marc:subfield>
         <marc:subfield code="c">DE-576</marc:subfield>
         <marc:subfield code="e">rakwb</marc:subfield>
      </marc:datafield>
      <marc:datafield tag="041" ind1=" " ind2=" ">
         <marc:subfield code="a">ger</marc:subfield>
      </marc:datafield>
      <marc:datafield tag="084" ind1=" " ind2=" ">
         <marc:subfield code="a">AP 75600</marc:subfield>
         <marc:subfield code="2">rvk</marc:subfield>
         <marc:subfield code="0">(DE-625)rvk/7941:</marc:subfield>
      </marc:datafield>
      <marc:datafield tag="084" ind1=" " ind2=" ">
         <marc:subfield code="a">AP 67100</marc:subfield>
         <marc:subfield code="2">rvk</marc:subfield>
         <marc:subfield code="0">(DE-625)rvk/7851:</marc:subfield>
      </marc:datafield>
      <marc:datafield tag="245" ind1="1" ind2="0">
         <marc:subfield code="a">Maschinen, Medien, Performances</marc:subfield>
         <marc:subfield code="n">Buch</marc:subfield>
         <marc:subfield code="c">Martina Leeker (Hrsg.)</marc:subfield>
      </marc:datafield>
      <marc:datafield tag="264" ind1=" " ind2="1">
         <marc:subfield code="a">Berlin</marc:subfield>
         <marc:subfield code="b">Alexander-Verl.</marc:subfield>
         <marc:subfield code="c">2001</marc:subfield>
      </marc:datafield>
      <marc:datafield tag="300" ind1=" " ind2=" ">
         <marc:subfield code="a">774 S.</marc:subfield>
         <marc:subfield code="b">Ill., graph. Darst.</marc:subfield>
      </marc:datafield>
      <marc:datafield tag="336" ind1=" " ind2=" ">
         <marc:subfield code="a">Text</marc:subfield>
         <marc:subfield code="b">txt</marc:subfield>
         <marc:subfield code="2">rdacontent</marc:subfield>
      </marc:datafield>
      <marc:datafield tag="337" ind1=" " ind2=" ">
         <marc:subfield code="a">ohne Hilfsmittel zu benutzen</marc:subfield>
         <marc:subfield code="b">n</marc:subfield>
         <marc:subfield code="2">rdamedia</marc:subfield>
      </marc:datafield>
      <marc:datafield tag="338" ind1=" " ind2=" ">
         <marc:subfield code="a">Band</marc:subfield>
         <marc:subfield code="b">nc</marc:subfield>
         <marc:subfield code="2">rdacarrier</marc:subfield>
      </marc:datafield>
      <marc:datafield tag="591" ind1=" " ind2=" ">
         <marc:subfield code="a">720 ddsu/sgi; 5090,5550 ddsu,sred ; IMD-Felder und 1131 maschinell ergänzt (SWB)</marc:subfield>
      </marc:datafield>
      <marc:datafield tag="655" ind1=" " ind2="7">
         <marc:subfield code="a">Konferenzschrift</marc:subfield>
         <marc:subfield code="0">(DE-588)1071861417</marc:subfield>
         <marc:subfield code="0">(DE-627)826484824</marc:subfield>
         <marc:subfield code="0">(DE-576)433375485</marc:subfield>
         <marc:subfield code="2">gnd-content</marc:subfield>
      </marc:datafield>
      <marc:datafield tag="689" ind1="0" ind2="0">
         <marc:subfield code="D">s</marc:subfield>
         <marc:subfield code="0">(DE-588)4059702-7</marc:subfield>
         <marc:subfield code="0">(DE-627)106142550</marc:subfield>
         <marc:subfield code="0">(DE-576)20913187X</marc:subfield>
         <marc:subfield code="a">Theater</marc:subfield>
         <marc:subfield code="2">gnd</marc:subfield>
      </marc:datafield>
      <marc:datafield tag="689" ind1="0" ind2="1">
         <marc:subfield code="D">s</marc:subfield>
         <marc:subfield code="0">(DE-588)4642838-0</marc:subfield>
         <marc:subfield code="0">(DE-627)331597616</marc:subfield>
         <marc:subfield code="0">(DE-576)214578941</marc:subfield>
         <marc:subfield code="a">Interaktive Medien</marc:subfield>
         <marc:subfield code="2">gnd</marc:subfield>
      </marc:datafield>
      <marc:datafield tag="689" ind1="0" ind2=" ">
         <marc:subfield code="5">(DE-627)</marc:subfield>
      </marc:datafield>
      <marc:datafield tag="689" ind1="1" ind2="0">
         <marc:subfield code="D">g</marc:subfield>
         <marc:subfield code="0">(DE-588)4091231-0</marc:subfield>
         <marc:subfield code="0">(DE-627)104742461</marc:subfield>
         <marc:subfield code="0">(DE-576)209279400</marc:subfield>
         <marc:subfield code="a">Dresden-Hellerau</marc:subfield>
         <marc:subfield code="2">gnd</marc:subfield>
      </marc:datafield>
      <marc:datafield tag="689" ind1="1" ind2="1">
         <marc:subfield code="D">s</marc:subfield>
         <marc:subfield code="0">(DE-588)4059702-7</marc:subfield>
         <marc:subfield code="0">(DE-627)106142550</marc:subfield>
         <marc:subfield code="0">(DE-576)20913187X</marc:subfield>
         <marc:subfield code="a">Theater</marc:subfield>
         <marc:subfield code="2">gnd</marc:subfield>
      </marc:datafield>
      <marc:datafield tag="689" ind1="1" ind2=" ">
         <marc:subfield code="5">(DE-627)</marc:subfield>
      </marc:datafield>
      <marc:datafield tag="773" ind1="1" ind2="8">
         <marc:subfield code="w">(DE-627)1159241910</marc:subfield>
         <marc:subfield code="w">(DE-576)089241916</marc:subfield>
         <marc:subfield code="g">Buch</marc:subfield>
         <marc:subfield code="q">Buch</marc:subfield>
         <marc:subfield code="7">|||m</marc:subfield>
      </marc:datafield>
      <marc:datafield tag="856" ind1="4" ind2="2">
         <marc:subfield code="u">http://swbplus.bsz-bw.de/bsz094928541inh.htm</marc:subfield>
         <marc:subfield code="m">B:DE-576;DE-352</marc:subfield>
         <marc:subfield code="q">application/pdf</marc:subfield>
         <marc:subfield code="v">20110830143659</marc:subfield>
         <marc:subfield code="x">Verlag</marc:subfield>
         <marc:subfield code="3">Inhaltsverzeichnis</marc:subfield>
      </marc:datafield>
      <marc:datafield tag="935" ind1=" " ind2=" ">
         <marc:subfield code="a">SAXB</marc:subfield>
      </marc:datafield>
      <marc:datafield tag="936" ind1="r" ind2="v">
         <marc:subfield code="a">AP 75600</marc:subfield>
         <marc:subfield code="b">Bühnentechnik, Theaterakustik, Drehbühne, Beleuchtung</marc:subfield>
         <marc:subfield code="k">Allgemeines</marc:subfield>
         <marc:subfield code="k">Medien- und Kommunikationswissenschaften, Kommunikationsdesign</marc:subfield>
         <marc:subfield code="k">Theater</marc:subfield>
         <marc:subfield code="k">Theaterbau und Bühnentechnik</marc:subfield>
         <marc:subfield code="k">Bühnentechnik, Theaterakustik, Drehbühne, Beleuchtung</marc:subfield>
         <marc:subfield code="0">(DE-627)1270692623</marc:subfield>
         <marc:subfield code="0">(DE-625)rvk/7941:</marc:subfield>
         <marc:subfield code="0">(DE-576)200692623</marc:subfield>
      </marc:datafield>
      <marc:datafield tag="936" ind1="r" ind2="v">
         <marc:subfield code="a">AP 67100</marc:subfield>
         <marc:subfield code="b">Theater und Massenmedien</marc:subfield>
         <marc:subfield code="k">Allgemeines</marc:subfield>
         <marc:subfield code="k">Medien- und Kommunikationswissenschaften, Kommunikationsdesign</marc:subfield>
         <marc:subfield code="k">Theater</marc:subfield>
         <marc:subfield code="k">Beziehungen, Ausstrahlungen, Einwirkungen</marc:subfield>
         <marc:subfield code="k">Theater und Massenmedien</marc:subfield>
         <marc:subfield code="0">(DE-627)1270691783</marc:subfield>
         <marc:subfield code="0">(DE-625)rvk/7851:</marc:subfield>
         <marc:subfield code="0">(DE-576)200691783</marc:subfield>
      </marc:datafield>
      <marc:datafield tag="951" ind1=" " ind2=" ">
         <marc:subfield code="a">MV</marc:subfield>
      </marc:datafield>
   </marc:record>