
   <marc:record>
      <marc:leader>     com a22       a4500</marc:leader>
      <marc:controlfield tag="001">091034094</marc:controlfield>
      <marc:controlfield tag="003">DE-576</marc:controlfield>
      <marc:controlfield tag="005">20170614144733.0</marc:controlfield>
      <marc:controlfield tag="007">ou</marc:controlfield>
      <marc:controlfield tag="008">010427n19uuuuuuxx ||| |      |   b|ger c</marc:controlfield>
      <marc:datafield tag="035" ind1=" " ind2=" ">
         <marc:subfield code="a">(DE-627)1161034099</marc:subfield>
      </marc:datafield>
      <marc:datafield tag="035" ind1=" " ind2=" ">
         <marc:subfield code="a">(DE-576)091034094</marc:subfield>
      </marc:datafield>
      <marc:datafield tag="035" ind1=" " ind2=" ">
         <marc:subfield code="a">(DE-599)BSZ091034094</marc:subfield>
      </marc:datafield>
      <marc:datafield tag="040" ind1=" " ind2=" ">
         <marc:subfield code="a">DE-576</marc:subfield>
         <marc:subfield code="b">ger</marc:subfield>
         <marc:subfield code="c">DE-576</marc:subfield>
         <marc:subfield code="e">rakwb</marc:subfield>
      </marc:datafield>
      <marc:datafield tag="041" ind1=" " ind2=" ">
         <marc:subfield code="a">ger</marc:subfield>
      </marc:datafield>
      <marc:datafield tag="084" ind1=" " ind2=" ">
         <marc:subfield code="a">AP 85050</marc:subfield>
         <marc:subfield code="2">rvk</marc:subfield>
         <marc:subfield code="0">(DE-625)rvk/8048:</marc:subfield>
      </marc:datafield>
      <marc:datafield tag="245" ind1="1" ind2="0">
         <marc:subfield code="a">Kommt herbei zu Tanz und Spielerei</marc:subfield>
         <marc:subfield code="b">eine Reise durch Ruhe und Bewegung</marc:subfield>
         <marc:subfield code="c">Ingrid Biermann. Mit Liedern von Paul G. Walter ...</marc:subfield>
      </marc:datafield>
      <marc:datafield tag="264" ind1=" " ind2="1">
         <marc:subfield code="a">Schriesheim</marc:subfield>
         <marc:subfield code="b">Musikbär-Verl.</marc:subfield>
         <marc:subfield code="c">19XX-</marc:subfield>
      </marc:datafield>
      <marc:datafield tag="336" ind1=" " ind2=" ">
         <marc:subfield code="a">Sonstige</marc:subfield>
         <marc:subfield code="b">xxx</marc:subfield>
         <marc:subfield code="2">rdacontent</marc:subfield>
      </marc:datafield>
      <marc:datafield tag="337" ind1=" " ind2=" ">
         <marc:subfield code="a">nicht spezifiziert</marc:subfield>
         <marc:subfield code="b">z</marc:subfield>
         <marc:subfield code="2">rdamedia</marc:subfield>
      </marc:datafield>
      <marc:datafield tag="338" ind1=" " ind2=" ">
         <marc:subfield code="a">nicht spezifiziert</marc:subfield>
         <marc:subfield code="b">zu</marc:subfield>
         <marc:subfield code="2">rdacarrier</marc:subfield>
      </marc:datafield>
      <marc:datafield tag="591" ind1=" " ind2=" ">
         <marc:subfield code="a">IMD-Felder und 1131 maschinell ergänzt (SWB)</marc:subfield>
      </marc:datafield>
      <marc:datafield tag="700" ind1="1" ind2=" ">
         <marc:subfield code="a">Biermann, Ingrid</marc:subfield>
         <marc:subfield code="d">1952-</marc:subfield>
         <marc:subfield code="0">(DE-588)121003108</marc:subfield>
         <marc:subfield code="0">(DE-627)081023006</marc:subfield>
         <marc:subfield code="0">(DE-576)160292735</marc:subfield>
         <marc:subfield code="4">oth</marc:subfield>
      </marc:datafield>
      <marc:datafield tag="700" ind1="1" ind2=" ">
         <marc:subfield code="a">Walter, Paul G.</marc:subfield>
         <marc:subfield code="0">(DE-588)134550404</marc:subfield>
         <marc:subfield code="0">(DE-627)575844477</marc:subfield>
         <marc:subfield code="0">(DE-576)168717409</marc:subfield>
         <marc:subfield code="4">oth</marc:subfield>
      </marc:datafield>
      <marc:datafield tag="936" ind1="r" ind2="v">
         <marc:subfield code="a">AP 85050</marc:subfield>
         <marc:subfield code="b">Kindertanz</marc:subfield>
         <marc:subfield code="k">Allgemeines</marc:subfield>
         <marc:subfield code="k">Medien- und Kommunikationswissenschaften, Kommunikationsdesign</marc:subfield>
         <marc:subfield code="k">Tanz</marc:subfield>
         <marc:subfield code="k">Volkstanz</marc:subfield>
         <marc:subfield code="k">Kindertanz</marc:subfield>
         <marc:subfield code="0">(DE-627)1270693530</marc:subfield>
         <marc:subfield code="0">(DE-625)rvk/8048:</marc:subfield>
         <marc:subfield code="0">(DE-576)200693530</marc:subfield>
      </marc:datafield>
      <marc:datafield tag="951" ind1=" " ind2=" ">
         <marc:subfield code="a">MC</marc:subfield>
      </marc:datafield>
   </marc:record>