
   <marc:record>
      <marc:leader>     cam a22       c4500</marc:leader>
      <marc:controlfield tag="001">087513439</marc:controlfield>
      <marc:controlfield tag="003">DE-576</marc:controlfield>
      <marc:controlfield tag="005">20180607100131.0</marc:controlfield>
      <marc:controlfield tag="007">tu</marc:controlfield>
      <marc:controlfield tag="008">001011s2000    xx |||||      00| ||ger c</marc:controlfield>
      <marc:datafield tag="035" ind1=" " ind2=" ">
         <marc:subfield code="a">(DE-627)1157513433</marc:subfield>
      </marc:datafield>
      <marc:datafield tag="035" ind1=" " ind2=" ">
         <marc:subfield code="a">(DE-576)087513439</marc:subfield>
      </marc:datafield>
      <marc:datafield tag="035" ind1=" " ind2=" ">
         <marc:subfield code="a">(DE-599)BSZ087513439</marc:subfield>
      </marc:datafield>
      <marc:datafield tag="035" ind1=" " ind2=" ">
         <marc:subfield code="a">(OCoLC)313775442</marc:subfield>
      </marc:datafield>
      <marc:datafield tag="035" ind1=" " ind2=" ">
         <marc:subfield code="a">(OCoLC)76216125</marc:subfield>
      </marc:datafield>
      <marc:datafield tag="035" ind1=" " ind2=" ">
         <marc:subfield code="a">(OCoLC)722550889</marc:subfield>
      </marc:datafield>
      <marc:datafield tag="040" ind1=" " ind2=" ">
         <marc:subfield code="a">DE-576</marc:subfield>
         <marc:subfield code="b">ger</marc:subfield>
         <marc:subfield code="c">DE-576</marc:subfield>
         <marc:subfield code="e">rakwb</marc:subfield>
      </marc:datafield>
      <marc:datafield tag="041" ind1=" " ind2=" ">
         <marc:subfield code="a">ger</marc:subfield>
      </marc:datafield>
      <marc:datafield tag="084" ind1=" " ind2=" ">
         <marc:subfield code="a">LR 56985</marc:subfield>
         <marc:subfield code="2">rvk</marc:subfield>
         <marc:subfield code="0">(DE-625)rvk/109842:</marc:subfield>
      </marc:datafield>
      <marc:datafield tag="245" ind1="1" ind2="0">
         <marc:subfield code="a">Tanzen im Kindergarten</marc:subfield>
         <marc:subfield code="n">Buch</marc:subfield>
         <marc:subfield code="c">Elisabeth Seippel</marc:subfield>
      </marc:datafield>
      <marc:datafield tag="264" ind1=" " ind2="1">
         <marc:subfield code="a">Boppard</marc:subfield>
         <marc:subfield code="b">Fidula</marc:subfield>
         <marc:subfield code="c">2000</marc:subfield>
      </marc:datafield>
      <marc:datafield tag="300" ind1=" " ind2=" ">
         <marc:subfield code="a">119 S.</marc:subfield>
         <marc:subfield code="b">Ill., Notenbeisp.</marc:subfield>
      </marc:datafield>
      <marc:datafield tag="336" ind1=" " ind2=" ">
         <marc:subfield code="a">Text</marc:subfield>
         <marc:subfield code="b">txt</marc:subfield>
         <marc:subfield code="2">rdacontent</marc:subfield>
      </marc:datafield>
      <marc:datafield tag="337" ind1=" " ind2=" ">
         <marc:subfield code="a">ohne Hilfsmittel zu benutzen</marc:subfield>
         <marc:subfield code="b">n</marc:subfield>
         <marc:subfield code="2">rdamedia</marc:subfield>
      </marc:datafield>
      <marc:datafield tag="338" ind1=" " ind2=" ">
         <marc:subfield code="a">Band</marc:subfield>
         <marc:subfield code="b">nc</marc:subfield>
         <marc:subfield code="2">rdacarrier</marc:subfield>
      </marc:datafield>
      <marc:datafield tag="501" ind1=" " ind2=" ">
         <marc:subfield code="a">Bärentanz</marc:subfield>
      </marc:datafield>
      <marc:datafield tag="501" ind1=" " ind2=" ">
         <marc:subfield code="a">Feuertanz</marc:subfield>
      </marc:datafield>
      <marc:datafield tag="501" ind1=" " ind2=" ">
         <marc:subfield code="a">Robinsontanz</marc:subfield>
      </marc:datafield>
      <marc:datafield tag="501" ind1=" " ind2=" ">
         <marc:subfield code="a">Schachteltanz</marc:subfield>
      </marc:datafield>
      <marc:datafield tag="501" ind1=" " ind2=" ">
         <marc:subfield code="a">Taubentanz</marc:subfield>
      </marc:datafield>
      <marc:datafield tag="501" ind1=" " ind2=" ">
         <marc:subfield code="a">Lichtertanz</marc:subfield>
      </marc:datafield>
      <marc:datafield tag="501" ind1=" " ind2=" ">
         <marc:subfield code="a">Sternentanz</marc:subfield>
      </marc:datafield>
      <marc:datafield tag="501" ind1=" " ind2=" ">
         <marc:subfield code="a">Schneemanntanz</marc:subfield>
      </marc:datafield>
      <marc:datafield tag="501" ind1=" " ind2=" ">
         <marc:subfield code="a">Junge Ritter tanzen auf ihren Pferden</marc:subfield>
      </marc:datafield>
      <marc:datafield tag="501" ind1=" " ind2=" ">
         <marc:subfield code="a">Käfertanz</marc:subfield>
      </marc:datafield>
      <marc:datafield tag="501" ind1=" " ind2=" ">
         <marc:subfield code="a">Sassa, die Vogelscheuche, und der Vogescheuchen-Raben-Tanz</marc:subfield>
      </marc:datafield>
      <marc:datafield tag="501" ind1=" " ind2=" ">
         <marc:subfield code="a">Ferienexpress</marc:subfield>
      </marc:datafield>
      <marc:datafield tag="501" ind1=" " ind2=" ">
         <marc:subfield code="a">Ich hol mir einen Freund</marc:subfield>
      </marc:datafield>
      <marc:datafield tag="501" ind1=" " ind2=" ">
         <marc:subfield code="a">Für die Füße und die Hände</marc:subfield>
      </marc:datafield>
      <marc:datafield tag="501" ind1=" " ind2=" ">
         <marc:subfield code="a">Einer - Alle</marc:subfield>
      </marc:datafield>
      <marc:datafield tag="501" ind1=" " ind2=" ">
         <marc:subfield code="a">Anklopfen</marc:subfield>
      </marc:datafield>
      <marc:datafield tag="501" ind1=" " ind2=" ">
         <marc:subfield code="a">Instrumente spielen</marc:subfield>
      </marc:datafield>
      <marc:datafield tag="591" ind1=" " ind2=" ">
         <marc:subfield code="a">IMD-Felder und 1131 maschinell ergänzt (SWB)</marc:subfield>
      </marc:datafield>
      <marc:datafield tag="773" ind1="1" ind2="8">
         <marc:subfield code="w">(DE-627)1156603811</marc:subfield>
         <marc:subfield code="w">(DE-576)086603817</marc:subfield>
         <marc:subfield code="g">Buch</marc:subfield>
         <marc:subfield code="q">Buch</marc:subfield>
         <marc:subfield code="7">|||m</marc:subfield>
      </marc:datafield>
      <marc:datafield tag="936" ind1="r" ind2="v">
         <marc:subfield code="a">LR 56985</marc:subfield>
         <marc:subfield code="b">Musik und Bewegung, Rhythmik, Tanz, Motorik</marc:subfield>
         <marc:subfield code="k">Musikwissenschaft</marc:subfield>
         <marc:subfield code="k">I. Musica theoretica</marc:subfield>
         <marc:subfield code="k">Sachteil: Musica theoretica (einschl. Realien mit geographischem Bezug)</marc:subfield>
         <marc:subfield code="k">Musikpädagogik</marc:subfield>
         <marc:subfield code="k">Musik und Bewegung, Rhythmik, Tanz, Motorik</marc:subfield>
         <marc:subfield code="0">(DE-627)1270821873</marc:subfield>
         <marc:subfield code="0">(DE-625)rvk/109842:</marc:subfield>
         <marc:subfield code="0">(DE-576)200821873</marc:subfield>
      </marc:datafield>
      <marc:datafield tag="951" ind1=" " ind2=" ">
         <marc:subfield code="a">MV</marc:subfield>
      </marc:datafield>
   </marc:record>